@MISC{ AM,
       author = "Antoine Manzarena",
       title = "Cours ETASM",
       pages = "17-19",
       year = "2006",
       howpublished = {\url{http://www.google.it/url?sa=t&rct=j&q=&esrc=s&source=web&cd=1&ved=0CCIQFjAA&url=http%3A%2F%2Fwww.ensta-paristech.fr%2F~manzaner%2FDownload%2FEPF_Bucarest2006%2FCours_EPF%2FChapitre3.ppt&ei=K4ujVdrjMcOssgHHg4bYDw&usg=AFQjCNEgM2Usx3DKDfBQbo3dXfu6dQ2nzw&bvm=bv.97653015,d.bGg}}
       }
